<record><leader>00000cas a2200000 a 4500</leader><controlfield tag="001">23035182</controlfield><controlfield tag="008">910131d18uu191uiluwr ne      0   a0eng c</controlfield><datafield ind1=" " ind2=" " tag="010"><subfield code="a">sn 90054172 </subfield></datafield><datafield ind1=" " ind2=" " tag="040"><subfield code="a">NVF</subfield><subfield code="b">eng</subfield><subfield code="c">NVF</subfield><subfield code="d">OCL</subfield><subfield code="d">NVF</subfield><subfield code="d">CVF</subfield><subfield code="d">NVF</subfield><subfield code="d">OCLCQ</subfield><subfield code="d">NVF</subfield><subfield code="d">OCLCF</subfield><subfield code="d">OCLCO</subfield></datafield><datafield ind1="1" ind2=" " tag="029"><subfield code="a">AU@</subfield><subfield code="b">000020225055</subfield></datafield><datafield ind1=" " ind2=" " tag="042"><subfield code="a">pcc</subfield></datafield><datafield ind1=" " ind2=" " tag="043"><subfield code="a">n-us-il</subfield></datafield><datafield ind1="0" ind2=" " tag="130"><subfield code="a">Chronicle (Gardner, Ill.)</subfield></datafield><datafield ind1="1" ind2="4" tag="245"><subfield code="a">The chronicle.</subfield></datafield><datafield ind1="1" ind2="3" tag="246"><subfield code="a">Gardner chronicle</subfield><subfield code="f">&lt;June 30, 1899-June 23, 1916&gt;</subfield></datafield><datafield ind1="1" ind2="7" tag="246"><subfield code="a">Chronicle Gardner Ill.</subfield><subfield code="f">Oct. 2, 1914-&lt;June 23, 1916&gt;</subfield></datafield><datafield ind1=" " ind2=" " tag="260"><subfield code="a">Gardner, Ill. :</subfield><subfield code="b">Park &amp; Co.</subfield></datafield><datafield ind1="3" ind2=" " tag="260"><subfield code="3">Feb. 4, 1916-&lt;June 23, 1916&gt;</subfield><subfield code="a">Gardner, Ill. :</subfield><subfield code="b">Eda A. Park</subfield></datafield><datafield ind1=" " ind2=" " tag="300"><subfield code="a">v.</subfield></datafield><datafield ind1=" " ind2=" " tag="310"><subfield code="a">Weekly</subfield></datafield><datafield ind1=" " ind2=" " tag="588"><subfield code="a">Description based on: Vol. 10, no. 25 (June 30, 1899).</subfield></datafield><datafield ind1=" " ind2=" " tag="588"><subfield code="a">Latest issue consulted: Vol. 22, no. 25 (June 23, 1916).</subfield></datafield><datafield ind1=" " ind2="0" tag="651"><subfield code="a">Gardner (Grundy County, Ill.)</subfield><subfield code="v">Newspapers.</subfield></datafield><datafield ind1=" " ind2="7" tag="655"><subfield code="a">Newspapers.</subfield><subfield code="2">fast</subfield><subfield code="0">(OCoLC)fst01423814</subfield></datafield><datafield ind1=" " ind2="7" tag="651"><subfield code="a">Illinois</subfield><subfield code="z">Gardner (Grundy County)</subfield><subfield code="2">fast</subfield><subfield code="0">(OCoLC)fst01324296</subfield></datafield><datafield ind1=" " ind2=" " tag="752"><subfield code="a">United States</subfield><subfield code="b">Illinois</subfield><subfield code="c">Grundy</subfield><subfield code="d">Gardner.</subfield></datafield><datafield ind1="0" ind2="0" tag="785"><subfield code="t">Gardner chronicle</subfield><subfield code="w">(DLC)sn 90054173</subfield><subfield code="w">(OCoLC)23035286</subfield></datafield></record>